
@book{plassmann_einfluss_2006,
	location = {Wiesbaden},
	edition = {1. Aufl},
	title = {Der Einfluss von Emotionen auf Markenproduktentscheidungen: theoretische Fundierung und empirische Analyse mit Hilfe der funktionellen Magnetresonanztomographie},
	isbn = {978-3-8350-0306-4},
	series = {Gabler Edition Wissenschaft Unternehmenskooperation und Netzwerkmanagement},
	shorttitle = {Der Einfluss von Emotionen auf Markenproduktentscheidungen},
	pagetotal = {306},
	publisher = {Dt. Univ.-Verl},
	author = {Plassmann, Hilke},
	date = {2006},
	note = {{OCLC}: 162359471},
	file = {Imagebildung_Emotionen.pdf:/Users/shisha/Zotero/storage/AB9AQWSW/Imagebildung_Emotionen.pdf:application/pdf;Table of Contents PDF:/Users/shisha/Zotero/storage/ETBLA4MH/Plassmann - 2006 - Der Einfluss von Emotionen auf Markenproduktentsch.pdf:application/pdf}
}

@book{bosch_emotionen_2007,
	location = {Wiesbaden},
	edition = {1. Aufl., Nachdr},
	title = {Emotionen im Marketing: Verstehen - Messen - Nutzen},
	isbn = {978-3-8350-0257-9},
	series = {Gabler Edition Wissenschaft Werbe- und Markenforschung},
	shorttitle = {Emotionen im Marketing},
	pagetotal = {526},
	publisher = {Dt. Univ.-Verl},
	author = {Bosch, Christian and Schiel, Stefan and Winder, Thomas},
	date = {2007},
	langid = {german},
	note = {{OCLC}: 254170568},
	file = {Bosch et al. - 2007 - Emotionen im Marketing Verstehen - Messen - Nutze.pdf:/Users/shisha/Zotero/storage/544TRBIG/Bosch et al. - 2007 - Emotionen im Marketing Verstehen - Messen - Nutze.pdf:application/pdf}
}

@book{izard_human_1977,
	location = {New York},
	title = {Human emotions},
	isbn = {978-1-4899-2211-3},
	publisher = {Springer Science + Media},
	author = {Izard, Carroll E},
	date = {1977},
	langid = {english},
	note = {{OCLC}: 886497660},
	file = {Izard - 1977 - Human emotions.pdf:/Users/shisha/Zotero/storage/8X3ULXUA/Izard - 1977 - Human emotions.pdf:application/pdf}
}

@book{bittner_emotion_2015,
	location = {Wiesbaden},
	edition = {2., überarb. Aufl},
	title = {Emotion Selling: messbar mehr verkaufen durch neue Erkenntnisse der Neurokommunikation},
	isbn = {978-3-658-04824-2 978-3-658-04825-9},
	shorttitle = {Emotion Selling},
	pagetotal = {165},
	publisher = {Springer Gabler},
	author = {Bittner, Gerhard and Schwarz, Elke},
	date = {2015},
	langid = {german},
	note = {{OCLC}: 903196645},
	file = {Bittner und Schwarz - 2015 - Emotion Selling messbar mehr verkaufen durch neue.pdf:/Users/shisha/Zotero/storage/AK8BVNQ5/Bittner und Schwarz - 2015 - Emotion Selling messbar mehr verkaufen durch neue.pdf:application/pdf}
}

@book{izard_human_1977-1,
	location = {New York},
	title = {Human emotions},
	isbn = {978-1-4899-2211-3},
	publisher = {Springer Science + Media},
	author = {Izard, Carroll E},
	date = {1977},
	langid = {english},
	note = {{OCLC}: 886497660},
	file = {Izard - 1977 - Human emotions.pdf:/Users/shisha/Zotero/storage/LMRQQRFH/Izard - 1977 - Human emotions.pdf:application/pdf}
}

@book{plutchik_emotions_2000,
	title = {Emotions in the Practice of Psychotherapy: Clinical Implications of Affect Theories},
	isbn = {978-1-55798-694-8},
	publisher = {American Psychological Association Press},
	author = {Plutchik, Robert},
	date = {2000},
	langid = {english},
	file = {Plutchik - Emotions in the Practice of Psychotherapy.pdf:/Users/shisha/Zotero/storage/VY4GSTGU/Plutchik - Emotions in the Practice of Psychotherapy.pdf:application/pdf}
}

@book{noauthor_notitle_nodate
}

@book{gutjahr_markenpsychologie:_2015,
	location = {Wiesbaden},
	edition = {3., überarb. u. erw. Aufl},
	title = {Markenpsychologie: wie Marken wirken - was Marken stark macht},
	isbn = {978-3-658-09160-6 978-3-658-09161-3},
	shorttitle = {Markenpsychologie},
	pagetotal = {230},
	publisher = {Springer Gabler},
	author = {Gutjahr, Gert},
	date = {2015},
	langid = {german},
	note = {{OCLC}: 918966141},
	file = {Gutjahr - 2015 - Markenpsychologie wie Marken wirken - was Marken .pdf:/Users/shisha/Zotero/storage/362KYUP3/Gutjahr - 2015 - Markenpsychologie wie Marken wirken - was Marken .pdf:application/pdf}
}

@article{kilian_markenstratege_2015,
	title = {Markenstratege Karsten Kilian},
	issn = {0001-3374},
	url = {https://www.wiso-net.de/document/ASW__101530005},
	series = {Kilians Lexikon: Markenimage},
	pages = {007},
	number = {11},
	journaltitle = {Absatzwirtschaft},
	author = {Kilian, Karsten},
	date = {2015-10-30},
	keywords = {Betriebswirtschaft}
}

@book{misof_innovatives_2017,
	location = {Wiesbaden},
	title = {Innovatives Brand Management},
	isbn = {978-3-658-17324-1 978-3-658-17325-8},
	url = {http://link.springer.com/10.1007/978-3-658-17325-8},
	publisher = {Springer Fachmedien Wiesbaden},
	author = {Misof, Günther and Schwarz, Michael},
	urldate = {2018-04-28},
	date = {2017},
	langid = {german},
	doi = {10.1007/978-3-658-17325-8},
	file = {Misof und Schwarz - 2017 - Innovatives Brand Management.pdf:/Users/shisha/Zotero/storage/JYBSPSP6/Misof und Schwarz - 2017 - Innovatives Brand Management.pdf:application/pdf}
}

@book{misof_g._schwarz_m._innovatives_2017,
	location = {Wiesbaden},
	title = {Innovatives Brand Management},
	isbn = {978-3-658-17324-1 978-3-658-17325-8},
	url = {http://link.springer.com/10.1007/978-3-658-17325-8},
	publisher = {Springer Fachmedien Wiesbaden},
	author = {Misof G., Schwarz, M.},
	urldate = {2018-04-28},
	date = {2017},
	langid = {german},
	doi = {10.1007/978-3-658-17325-8},
	file = {Misof und Schwarz - 2017 - Innovatives Brand Management.pdf:/Users/shisha/Zotero/storage/47274J33/Misof und Schwarz - 2017 - Innovatives Brand Management.pdf:application/pdf}
}

@book{kreutzer_ausgewahlte_2015,
	location = {Wiesbaden},
	title = {Ausgewählte Aspekte des Digital Branding: Handlungskonzepte für die digitale Markenführung},
	isbn = {978-3-658-09209-2 978-3-658-09210-8},
	series = {Essentials},
	shorttitle = {Ausgewählte Aspekte des Digital Branding},
	pagetotal = {46},
	publisher = {Springer Gabler},
	author = {Kreutzer, Ralf T. and Merkle, Wolfgang},
	editora = {Springer Fachmedien Wiesbaden {GmbH}},
	editoratype = {collaborator},
	date = {2015},
	langid = {german},
	note = {{OCLC}: 910588215},
	file = {Kreutzer und Merkle - 2015 - Ausgewählte Aspekte des Digital Branding Handlung.pdf:/Users/shisha/Zotero/storage/MDPPMCSY/Kreutzer und Merkle - 2015 - Ausgewählte Aspekte des Digital Branding Handlung.pdf:application/pdf}
}

@book{kreutzer_digitale_2017,
	location = {Wiesbaden},
	title = {Digitale Markenführung},
	isbn = {978-3-658-08546-9 978-3-658-08547-6},
	url = {http://link.springer.com/10.1007/978-3-658-08547-6},
	publisher = {Springer Fachmedien Wiesbaden},
	author = {Kreutzer, Ralf T. and Land, Karl-Heinz},
	urldate = {2018-04-28},
	date = {2017},
	langid = {german},
	doi = {10.1007/978-3-658-08547-6},
	file = {Kreutzer und Land - 2017 - Digitale Markenführung.pdf:/Users/shisha/Zotero/storage/RSIS4XY2/Kreutzer und Land - 2017 - Digitale Markenführung.pdf:application/pdf}
}

@book{ceyp_erfolgreiches_2013,
	location = {Wiesbaden},
	title = {Erfolgreiches Social Media Marketing},
	isbn = {978-3-658-00034-9 978-3-658-00035-6},
	url = {http://link.springer.com/10.1007/978-3-658-00035-6},
	publisher = {Springer Fachmedien Wiesbaden},
	author = {Ceyp, Michael and Scupin, Juhn-Petter},
	urldate = {2018-04-29},
	date = {2013},
	langid = {german},
	doi = {10.1007/978-3-658-00035-6},
	file = {Ceyp und Scupin - 2013 - Erfolgreiches Social Media Marketing.pdf:/Users/shisha/Zotero/storage/7T9QZKMK/Ceyp und Scupin - 2013 - Erfolgreiches Social Media Marketing.pdf:application/pdf}
}

@book{tropp_moderne_2014,
	location = {Wiesbaden},
	edition = {2., überarb. und erw. Aufl},
	title = {Moderne Marketing-Kommunikation: System - Prozess - Management},
	isbn = {978-3-531-19912-2 978-3-531-19913-9},
	series = {Springer-{VS} Lehrbuch},
	shorttitle = {Moderne Marketing-Kommunikation},
	pagetotal = {782},
	publisher = {Springer {VS}},
	author = {Tropp, Jörg},
	date = {2014},
	langid = {german},
	note = {{OCLC}: 878086730},
	file = {Tropp - 2014 - Moderne Marketing-Kommunikation System - Prozess .pdf:/Users/shisha/Zotero/storage/Q8ZIRFU5/Tropp - 2014 - Moderne Marketing-Kommunikation System - Prozess .pdf:application/pdf}
}

@book{probst_vom_2008,
	title = {Vom Eindruck zur Meinung: der Zusammenhang zwischen Image und Reputation bei komplexen Dienstleistungen: untersucht am Beispiel der Universität St. Gallen},
	isbn = {978-3-86727-687-0},
	shorttitle = {Vom Eindruck zur Meinung},
	pagetotal = {289},
	publisher = {Cuvillier Verlag},
	author = {Probst, Malte},
	date = {2008},
	langid = {german},
	note = {Google-Books-{ID}: 7qj5b6pkPhAC}
}

@book{deichsel_grundlagen_2017,
	location = {Wiesbaden},
	title = {Grundlagen der Markensoziologie: die sozialen Prinzipien von Markenbildung und -führung in Theorie und Praxis},
	isbn = {978-3-658-17420-0 978-3-658-17421-7},
	shorttitle = {Grundlagen der Markensoziologie},
	pagetotal = {241},
	publisher = {Springer Gabler},
	author = {Deichsel, Alexander and Errichiello, Oliver Carlo and Zschiesche, Arnd},
	date = {2017},
	langid = {german},
	note = {{OCLC}: 990783591},
	file = {Deichsel et al. - 2017 - Grundlagen der Markensoziologie die sozialen Prin.pdf:/Users/shisha/Zotero/storage/TWQWGBL6/Deichsel et al. - 2017 - Grundlagen der Markensoziologie die sozialen Prin.pdf:application/pdf}
}

@book{epikur_epikur:_2016,
	title = {Epikur: Philosophie der Freude – Vom lustvollen Leben (Epikur Gesamtausgabe)},
	shorttitle = {Epikur},
	abstract = {Epikur: Philosophie der Freude – Vom lustvollen Leben (Epikur Gesamtausgabe) (Zur Naturphilosophie, Ethik und Erkenntnistheorie {\textbar} Zur Astronomie und Meteorologie {\textbar} Die 40 Lehrsätze {\textbar} Die Aphorismen)Dieser  Band enthält alle schriftlich überlieferten Texte in einer  Neuübersetzung, die Epikurs Denken präzise fasst und mit modernen  Wissenschaftserkenntnissen vergleichbar macht. – Neu editiert und  lektoriert, voll verlinkt und mit {eBook}-{InhaltsverzeichnisEpikurs}  philosophische und naturwissenschaftliche Erkenntnisse sind äußerst  bemerkenswert. Er orientiert sich ausschließlich an Fakten und Evidenz  und schließt übernatürliche Ursachen und Mythen konsequent aus. Zudem  reflektiert er stets kritisch die eigene Erkenntnisfähigkeit. Viele  seiner Hypothesen sind inzwischen durch die moderne Wissenschaft  bestätigt. Epikurs naturwissenschaftliche Orientierung widerspricht  dabei keineswegs seinem übergeordneten Ziel eines glücklichen und  lustvollen Lebens: Denn Glückseligkeit basiert für ihn auf Wissen und  Erkenntnis. © {CloudShip}, 2016},
	pagetotal = {65},
	publisher = {{CloudShip}},
	author = {Epikur},
	date = {2016-10-18},
	langid = {german},
	note = {Google-Books-{ID}: y6lNDQAAQBAJ},
	keywords = {Philosophy / History \& Surveys / General, Philosophy / Individual Philosophers}
}

@book{kurilla_emotion_2013,
	location = {Wiesbaden},
	title = {Emotion, Kommunikation, Konflikt: eine historiographische, grundlagentheoretische und kulturvergleichende Untersuchung. Bd. 1: ...},
	isbn = {978-3-658-01933-4 978-3-658-01934-1},
	shorttitle = {Emotion, Kommunikation, Konflikt},
	pagetotal = {391},
	publisher = {Springer},
	author = {Kurilla, Robin},
	date = {2013},
	langid = {german},
	note = {{OCLC}: 854712540},
	file = {Kurilla - 2013 - Emotion, Kommunikation, Konflikt eine historiogra.pdf:/Users/shisha/Zotero/storage/8K5VSFD6/Kurilla - 2013 - Emotion, Kommunikation, Konflikt eine historiogra.pdf:application/pdf}
}

@book{tropp_moderne_2014-1,
	location = {Wiesbaden},
	edition = {2., überarb. und erw. Aufl},
	title = {Moderne Marketing-Kommunikation: System - Prozess - Management},
	isbn = {978-3-531-19912-2 978-3-531-19913-9},
	series = {Springer-{VS} Lehrbuch},
	shorttitle = {Moderne Marketing-Kommunikation},
	pagetotal = {782},
	publisher = {Springer {VS}},
	author = {Tropp, Jörg},
	date = {2014},
	langid = {german},
	note = {{OCLC}: 878086730},
	file = {Tropp - 2014 - Moderne Marketing-Kommunikation System - Prozess .pdf:/Users/shisha/Zotero/storage/FW7XFK2E/Tropp - 2014 - Moderne Marketing-Kommunikation System - Prozess .pdf:application/pdf}
}

@book{seehaus_video-marketing_2016,
	location = {Wiesbaden},
	title = {Video-Marketing mit {YouTube}},
	isbn = {978-3-658-10256-2 978-3-658-10257-9},
	url = {http://link.springer.com/10.1007/978-3-658-10257-9},
	publisher = {Springer Fachmedien Wiesbaden},
	author = {Seehaus, Christoph},
	urldate = {2018-05-04},
	date = {2016},
	langid = {english},
	doi = {10.1007/978-3-658-10257-9},
	file = {Seehaus - 2016 - Video-Marketing mit YouTube.pdf:/Users/shisha/Zotero/storage/X96TTRQI/Seehaus - 2016 - Video-Marketing mit YouTube.pdf:application/pdf}
}

@online{edeka_zentrale_ag_&_co._kg_edeka-verbund_2018,
	title = {Der {EDEKA}-Verbund, {EDEKA} im Profil},
	url = {http://www.edeka-verbund.de/Unternehmen/de/edeka_verbund/verbundsprofil/leitbildmissionstatement/Profil.jsp},
	titleaddon = {{EDEKA} im Profil},
	author = {{EDEKA} {ZENTRALE} {AG} {\textbackslash}\& Co. {KG}},
	urldate = {2018-05-04},
	date = {2018},
	file = {Profil:/Users/shisha/Zotero/storage/T2P2R779/Profil.html:text/html}
}

@book{lubbert_qualitatsorientiertes_1999,
	location = {München},
	title = {Qualitätsorientiertes Umweltschutzmanagement im Tourismus: empirische Untersuchung und Entwurf eines nachfrageorientierten Modells zur Umweltkennzeichnung touristischer Leistungen},
	isbn = {978-3-89481-359-8},
	series = {Wirtschaft \& Raum},
	shorttitle = {Qualitätsorientiertes Umweltschutzmanagement im Tourismus},
	pagetotal = {279},
	number = {Bd. 4},
	publisher = {{VVF}},
	author = {Lübbert, Claudia},
	date = {1999},
	langid = {german},
	note = {{OCLC}: 722661360},
	file = {Lübbert - 1999 - Qualitätsorientiertes Umweltschutzmanagement im To.pdf:/Users/shisha/Zotero/storage/GM4QJKLC/Lübbert - 1999 - Qualitätsorientiertes Umweltschutzmanagement im To.pdf:application/pdf}
}

@book{buchenau_chefsache_2015,
	location = {Wiesbaden},
	title = {Chefsache Social Media Marketing},
	isbn = {978-3-658-07507-1 978-3-658-07508-8},
	url = {http://link.springer.com/10.1007/978-3-658-07508-8},
	publisher = {Springer Fachmedien Wiesbaden},
	author = {Buchenau, Peter and Fürtbauer, Dominik},
	urldate = {2018-05-07},
	date = {2015},
	langid = {german},
	doi = {10.1007/978-3-658-07508-8},
	file = {Buchenau und Fürtbauer - 2015 - Chefsache Social Media Marketing.pdf:/Users/shisha/Zotero/storage/LEG49SV4/Buchenau und Fürtbauer - 2015 - Chefsache Social Media Marketing.pdf:application/pdf}
}

@online{noauthor_struktur_nodate,
	title = {Struktur des {EDEKA}-Verbunds},
	url = {http://www.edeka-verbund.de/Unternehmen/de/edeka_verbund/verbundsprofil/gruppenstruktur/Struktur.jsp},
	shorttitle = {Struktur des {EDEKA}-Verbunds},
	urldate = {2018-05-09},
	file = {Struktur des EDEKA-Verbunds:/Users/shisha/Zotero/storage/GS472WJ6/Struktur.html:text/html}
}

@online{noauthor_imagebewertung_nodate,
	title = {Imagebewertung ausgewählter Regionalmarken in Deutschland 2012 {\textbar} Umfrage},
	url = {https://de.statista.com/statistik/daten/studie/218551/umfrage/de-image-regionaler-produkte-und-lebensmittelmarken/},
	abstract = {Die vorliegende Grafik bildet das Ergebnis einer Online-Befragung von Konsumenten innerhalb Deutschlands zum Image von Regionalmarken ab. Bezogen auf das Image von verschiedenen regionalen Produkten und regionalen Lebensmittelmarken gaben 66 Prozent aller Befragten an, dass alle Regionalmarken und -produkte ihnen das Gefühl vermittelten, etwas für den Produzenten aus der Region zu tun.},
	titleaddon = {Statista},
	urldate = {2018-05-09},
	langid = {german},
	file = {Snapshot:/Users/shisha/Zotero/storage/IDEM2JMY/de-image-regionaler-produkte-und-lebensmittelmarken.html:text/html}
}

@article{noauthor_seven_2005,
	title = {The Seven Basic Plots: Why We Tell Stories},
	issn = {0000-0019},
	url = {http://search.ebscohost.com/login.aspx?direct=true&db=edsglr&AN=edsgcl.128974304&lang=de&site=eds-live},
	shorttitle = {The Seven Basic Plots},
	abstract = {{THE} {SEVEN} {BASIC} {PLOTS}: Why We Tell Stories {CHRISTOPHER} {BOOKER}. Continuum, \$34.95 (718p) {ISBN} 0-8264-5209-4 Many writing guides have suggested that fiction contains a limited number of basic [...]},
	pages = {65},
	number = {7},
	journaltitle = {Publishers Weekly},
	urldate = {2018-05-16},
	date = {2005},
	keywords = {Books -- Book reviews, The Seven Basic Plots: Why We Tell Stories (Book) -- Book reviews},
	file = {EBSCO Full Text:/Users/shisha/Zotero/storage/PBHVNLU3/2005 - The Seven Basic Plots Why We Tell Stories.pdf:application/pdf}
}

@book{kruger_corporate_2015,
	location = {Wiesbaden},
	title = {Corporate Storytelling: Theorie und Empirie narrativer Public Relations in der Unternehmenskommunikation},
	isbn = {978-3-658-09672-4 978-3-658-09673-1},
	series = {Research},
	shorttitle = {Corporate Storytelling},
	pagetotal = {235},
	publisher = {Springer {VS}},
	author = {Krüger, Florian},
	date = {2015},
	langid = {german},
	note = {{OCLC}: 908258453},
	file = {Krüger - 2015 - Corporate Storytelling Theorie und Empirie narrat.pdf:/Users/shisha/Zotero/storage/5N5MZTBM/Krüger - 2015 - Corporate Storytelling Theorie und Empirie narrat.pdf:application/pdf}
}

@online{noauthor_dorfdrift_2015,
	title = {Dorfdrift – spektakulär kurze Lieferwege - {YouTube}},
	url = {https://web.archive.org/web/20151018215515/https://www.youtube.com/watch?v=klPJZ_hR0hI},
	urldate = {2018-05-16},
	date = {2015-10-18},
	file = {Dorfdrift – spektakulär kurze Lieferwege - YouTube:/Users/shisha/Zotero/storage/8FXC63IL/watch.html:text/html}
}

@online{noauthor_edeka_2015,
	title = {{EDEKA} Dorfdrift{\textbar}{ARBEITEN}{\textbar}Jung von Matt},
	url = {https://jvm.com/de/work/edeka-dorfdrift/},
	urldate = {2018-05-16},
	date = {2015},
	file = {EDEKA Dorfdrift | ARBEITEN | Jung von Matt:/Users/shisha/Zotero/storage/BXFCUQ9W/edeka-dorfdrift.html:text/html}
}

@inbook{doring_untersuchungsdesign_2016,
	location = {Berlin, Heidelberg},
	title = {Untersuchungsdesign},
	isbn = {978-3-642-41088-8 978-3-642-41089-5},
	url = {http://link.springer.com/10.1007/978-3-642-41089-5_7},
	pages = {181--220},
	booktitle = {Forschungsmethoden und Evaluation in den Sozial- und Humanwissenschaften},
	publisher = {Springer Berlin Heidelberg},
	author = {Döring, Nicola and Bortz, Jürgen},
	bookauthor = {Döring, Nicola and Bortz, Jürgen},
	urldate = {2018-05-16},
	date = {2016},
	langid = {german},
	doi = {10.1007/978-3-642-41089-5_7},
	file = {Döring und Bortz - 2016 - Untersuchungsdesign.pdf:/Users/shisha/Zotero/storage/E488IUF6/Döring und Bortz - 2016 - Untersuchungsdesign.pdf:application/pdf}
}

@book{papula_mathematische_2017,
	location = {Wiesbaden},
	edition = {12., überarbeitete Auflage},
	title = {Mathematische Formelsammlung: für Ingenieure und Naturwissenschaftler: mit über 400 Abbildungen, zahlreichen Rechenbeispielen und einer ausführlichen Integraltafel},
	isbn = {978-3-658-16194-1 978-3-658-16195-8},
	shorttitle = {Mathematische Formelsammlung},
	pagetotal = {546},
	publisher = {Springer Vieweg},
	author = {Papula, Lothar},
	date = {2017},
	langid = {german},
	note = {{OCLC}: 964674919},
	file = {Papula - 2017 - Mathematische Formelsammlung für Ingenieure und N.pdf:/Users/shisha/Zotero/storage/VIDX986A/Papula - 2017 - Mathematische Formelsammlung für Ingenieure und N.pdf:application/pdf}
}

@online{statistisches_bundesamt_altersstruktur_2016,
	title = {Altersstruktur in Deutschland 2016},
	url = {https://de.statista.com/statistik/daten/studie/1351/umfrage/altersstruktur-der-bevoelkerung-deutschlands/},
	abstract = {Diese Statistik zeigt die Altersstruktur der Bevölkerung in Deutschland 2016. In diesem Jahr gab es in Deutschland mehr als 2,2 Mio. Personen im Alter von 85 Jahren und älter. Insgesamt betrug die Bevölkerungszahl in Deutschland zum Ende des Jahres 2016 rund 82,52 Millionen.},
	titleaddon = {Statista},
	author = {Statistisches Bundesamt},
	urldate = {2018-05-19},
	date = {2016},
	langid = {german},
	file = {Snapshot:/Users/shisha/Zotero/storage/3YBPBESP/altersstruktur-der-bevoelkerung-deutschlands.html:text/html}
}

@online{noauthor_qualitatsorientiertes_nodate,
	title = {„Qualitätsorientiertes Umweltschutzmanagement im Tourismus“ (Claudia Lübbert) – Buch Erstausgabe kaufen – A01CSwKn01ZZH},
	url = {https://www.booklooker.de/B%C3%BCcher/Claudia-L%C3%BCbbert+Qualit%C3%A4tsorientiertes-Umweltschutzmanagement-im-Tourismus-Empirische-Untersuchung-u/id/A01CSwKn01ZZH},
	abstract = {"Qualitätsorientiertes Umweltschutzmanagement im Tourismus" von Claudia Lübbert jetzt Erstausgabe bestellen ✓ Preisvergleich ✓ Käuferschutz ✓ Wir ♥ Bücher!},
	urldate = {2018-05-20},
	langid = {german},
	file = {Snapshot:/Users/shisha/Zotero/storage/FQXZXUVF/A01CSwKn01ZZH.html:text/html}
}

@book{ahrend_geschaftsmodell_2016,
	location = {Berlin, Heidelberg},
	title = {Geschäftsmodell Nachhaltigkeit},
	isbn = {978-3-662-52879-2 978-3-662-52880-8},
	url = {http://link.springer.com/10.1007/978-3-662-52880-8},
	publisher = {Springer Berlin Heidelberg},
	author = {Ahrend, Klaus-Michael},
	urldate = {2018-10-20},
	date = {2016},
	langid = {german},
	doi = {10.1007/978-3-662-52880-8},
	file = {Ahrend - 2016 - Geschäftsmodell Nachhaltigkeit.pdf:/Users/shisha/Zotero/storage/C4WQNIVV/Ahrend - 2016 - Geschäftsmodell Nachhaltigkeit.pdf:application/pdf}
}

@collection{freiling_entrepreneurial_2015,
	location = {Wiesbaden},
	edition = {2., vollst. überarb. und erw. Aufl},
	title = {Entrepreneurial Marketing: Besonderheiten, Aufgaben und Lösungsansätze für Gründungsunternehmen},
	isbn = {978-3-658-05025-2 978-3-658-05026-9},
	shorttitle = {Entrepreneurial Marketing},
	pagetotal = {627},
	publisher = {Springer Gabler},
	editor = {Freiling, Jörg and Kollmann, Tobias},
	date = {2015},
	langid = {german},
	note = {{OCLC}: 910766922},
	file = {Freiling und Kollmann - 2015 - Entrepreneurial Marketing Besonderheiten, Aufgabe.pdf:/Users/shisha/Zotero/storage/3P38XL4F/Freiling und Kollmann - 2015 - Entrepreneurial Marketing Besonderheiten, Aufgabe.pdf:application/pdf}
}

@book{reichwald_interaktive_2009,
	location = {Wiesbaden},
	edition = {2., vollst. überarb. und erw. Aufl},
	title = {Interaktive Wertschöpfung: Open Innovation, Individualisierung und neue Formen der Arbeitsteilung},
	isbn = {978-3-8349-0972-5},
	series = {Gabler-Lehrbuch},
	shorttitle = {Interaktive Wertschöpfung},
	pagetotal = {356},
	publisher = {Gabler},
	author = {Reichwald, Ralf and Piller, Frank T. and Ihl, Christoph and Seifert, Sascha},
	date = {2009},
	langid = {german},
	note = {{OCLC}: 319158199},
	file = {Reichwald et al. - 2009 - Interaktive Wertschöpfung Open Innovation, Indivi.pdf:/Users/shisha/Zotero/storage/5NZC4CTD/Reichwald et al. - 2009 - Interaktive Wertschöpfung Open Innovation, Indivi.pdf:application/pdf}
}

@online{noauthor_bhb_nodate,
	title = {bhb Verband},
	url = {http://www.bhb.org/verband/zahlen-fakten/diy-branchenzahlen/},
	shorttitle = {x},
	urldate = {2018-10-30},
	file = {bhb Verband.pdf:/Users/shisha/Zotero/storage/8J7KI8SV/bhb Verband.pdf:application/pdf;DIY-Branchenzahlen:/Users/shisha/Zotero/storage/EVUEC43V/diy-branchenzahlen.html:text/html}
}

@online{noauthor_ifd_nodate,
	title = {{IfD} Allensbach},
	url = {https://de.statista.com/statistik/daten/studie/171121/umfrage/haeufigkeit-von-basteln-oder-werken-in-der-freizeit/},
	shorttitle = {Freizeit - Häufigkeit von Basteln, Werken in Deutschland 2018 {\textbar} Statistik},
	abstract = {Diese Statistik zeigt das Ergebnis einer Befragung in Deutschland zur Häufigkeit des Bastelns, Werkens, Töpferns und Emaillierens in der Freizeit von 2014 bis 2018. Im Jahr 2018 gab es in der deutschsprachigen Bevölkerung ab 14 Jahre rund 5,34 Millionen Personen, die dies in ihrer Freizeit häufig taten. Ein Ranking der beliebtesten Freizeitaktivitäten der Deutschen finden Sie {\textless}a href="/statistik/daten/studie/171168/umfrage/haeufig-betriebene-freizeitaktivitaeten/" target="\_blank"{\textgreater}hier{\textless}/a{\textgreater}.},
	titleaddon = {Statista},
	urldate = {2018-10-30},
	langid = {german},
	file = {Snapshot:/Users/shisha/Zotero/storage/IA9G5BDP/haeufigkeit-von-basteln-oder-werken-in-der-freizeit.html:text/html}
}

@book{bruhn_marketingubungen:_2004,
	location = {Wiesbaden},
	edition = {2., überarb. Aufl},
	title = {Marketingübungen: Basiswissen, Aufgaben, Lösungen ; selbständiges Lerntraining für Studium und Beruf},
	isbn = {978-3-409-21640-1},
	shorttitle = {Marketingübungen},
	pagetotal = {340},
	publisher = {Gabler},
	author = {Bruhn, Manfred},
	date = {2004},
	langid = {german},
	note = {{OCLC}: 76511233},
	file = {Bruhn - 2004 - Marketingübungen Basiswissen, Aufgaben, Lösungen .pdf:/Users/shisha/Zotero/storage/IN8PYBF6/Bruhn - 2004 - Marketingübungen Basiswissen, Aufgaben, Lösungen .pdf:application/pdf}
}

@online{noauthor_alter_nodate,
	title = {Alter von Do-It-Yourself-Fans in Deutschland 2013 {\textbar} Statistik},
	url = {https://de.statista.com/statistik/daten/studie/299499/umfrage/umfrage-zum-alter-von-do-it-yourself-fans-in-deutschland/},
	abstract = {Diese Statistik zeigt das Ergebnis einer von Tomorrow Focus Media durchgeführten und veröffentlichten Umfrage, welche sich mit der Altersstruktur der "Do-It-Yourself"-Fans in Deutschland befasst. Im Jahr 2013 waren rund 29,1 Prozent der Personen, die angaben "Do-It-Yourself"-Fans zu sein, über 55 Jahre alt.},
	titleaddon = {Statista},
	urldate = {2018-10-30},
	langid = {german},
	file = {Snapshot:/Users/shisha/Zotero/storage/58UY8UAR/umfrage-zum-alter-von-do-it-yourself-fans-in-deutschland.html:text/html}
}

@book{noauthor_notitle_nodate-1
}

@book{kus_marktforschung:_2012,
	location = {Wiesbaden},
	edition = {4., überarb. Aufl},
	title = {Marktforschung: Grundlagen der Datenerhebung und Datenanalyse},
	isbn = {978-3-8349-3437-6 978-3-8349-3853-4},
	series = {Springer-Gabler-Lehrbuch},
	shorttitle = {Marktforschung},
	pagetotal = {314},
	publisher = {Springer Gabler},
	author = {Kuß, Alfred},
	date = {2012},
	langid = {german},
	note = {{OCLC}: 795116334},
	file = {Kuß - 2012 - Marktforschung Grundlagen der Datenerhebung und D.pdf:/Users/shisha/Zotero/storage/UR9ESSUD/Kuß - 2012 - Marktforschung Grundlagen der Datenerhebung und D.pdf:application/pdf}
}

@book{kus_marktforschung:_2012-1,
	location = {Wiesbaden},
	edition = {4., überarb. Aufl},
	title = {Marktforschung: Grundlagen der Datenerhebung und Datenanalyse},
	isbn = {978-3-8349-3437-6 978-3-8349-3853-4},
	series = {Springer-Gabler-Lehrbuch},
	shorttitle = {Marktforschung},
	pagetotal = {314},
	publisher = {Springer Gabler},
	author = {Kuß, Alfred},
	date = {2012},
	langid = {german},
	note = {{OCLC}: 795116334},
	file = {Kuß - 2012 - Marktforschung Grundlagen der Datenerhebung und D.pdf:/Users/shisha/Zotero/storage/5U5HS96S/Kuß - 2012 - Marktforschung Grundlagen der Datenerhebung und D.pdf:application/pdf}
}

@book{kus_marktforschung:_2012-2,
	location = {Wiesbaden},
	edition = {4., überarb. Aufl},
	title = {Marktforschung: Grundlagen der Datenerhebung und Datenanalyse},
	isbn = {978-3-8349-3437-6 978-3-8349-3853-4},
	series = {Springer-Gabler-Lehrbuch},
	shorttitle = {Marktforschung},
	pagetotal = {314},
	publisher = {Springer Gabler},
	author = {Kuß, Alfred},
	date = {2012},
	langid = {german},
	note = {{OCLC}: 795116334},
	file = {Kuß - 2012 - Marktforschung Grundlagen der Datenerhebung und D.pdf:/Users/shisha/Zotero/storage/KSBHZLUZ/Kuß - 2012 - Marktforschung Grundlagen der Datenerhebung und D.pdf:application/pdf}
}

@book{kus_marktforschung:_2012-3,
	location = {Wiesbaden},
	edition = {4., überarb. Aufl},
	title = {Marktforschung: Grundlagen der Datenerhebung und Datenanalyse},
	isbn = {978-3-8349-3437-6 978-3-8349-3853-4},
	series = {Springer-Gabler-Lehrbuch},
	shorttitle = {Marktforschung},
	pagetotal = {314},
	publisher = {Springer Gabler},
	author = {Kuß, Alfred},
	date = {2012},
	langid = {german},
	note = {{OCLC}: 795116334},
	file = {Kuß - 2012 - Marktforschung Grundlagen der Datenerhebung und D.pdf:/Users/shisha/Zotero/storage/H263FU32/Kuß - 2012 - Marktforschung Grundlagen der Datenerhebung und D.pdf:application/pdf}
}

@book{kus_marktforschung:_2012-4,
	location = {Wiesbaden},
	edition = {4., überarb. Aufl},
	title = {Marktforschung: Grundlagen der Datenerhebung und Datenanalyse},
	isbn = {978-3-8349-3437-6 978-3-8349-3853-4},
	series = {Springer-Gabler-Lehrbuch},
	shorttitle = {Marktforschung},
	pagetotal = {314},
	publisher = {Springer Gabler},
	author = {Kuß, Alfred},
	date = {2012},
	langid = {german},
	note = {{OCLC}: 795116334},
	file = {Kuß - 2012 - Marktforschung Grundlagen der Datenerhebung und D.pdf:/Users/shisha/Zotero/storage/A5DULKKN/Kuß - 2012 - Marktforschung Grundlagen der Datenerhebung und D.pdf:application/pdf}
}

@book{kus_marktforschung:_2012-5,
	location = {Wiesbaden},
	edition = {4., überarb. Aufl},
	title = {Marktforschung: Grundlagen der Datenerhebung und Datenanalyse},
	isbn = {978-3-8349-3437-6 978-3-8349-3853-4},
	series = {Springer-Gabler-Lehrbuch},
	shorttitle = {Marktforschung},
	pagetotal = {314},
	publisher = {Springer Gabler},
	author = {Kuß, Alfred},
	date = {2012},
	langid = {german},
	note = {{OCLC}: 795116334},
	file = {Kuß - 2012 - Marktforschung Grundlagen der Datenerhebung und D.pdf:/Users/shisha/Zotero/storage/SP772I5B/Kuß - 2012 - Marktforschung Grundlagen der Datenerhebung und D.pdf:application/pdf}
}

@book{gaubinger_praxisorientiertes_2009,
	location = {Wiesbaden},
	title = {Praxisorientiertes Innovations- und Produktmanagement},
	isbn = {978-3-8349-0974-9 978-3-8349-8780-8},
	url = {http://link.springer.com/10.1007/978-3-8349-8780-8},
	publisher = {Gabler},
	author = {Gaubinger, Kurt and Werani, Thomas and Rabl, Michael},
	urldate = {2019-01-01},
	date = {2009},
	langid = {german},
	doi = {10.1007/978-3-8349-8780-8},
	file = {Gaubinger et al. - 2009 - Praxisorientiertes Innovations- und Produktmanagem.pdf:/Users/shisha/Zotero/storage/TAPVWXP7/Gaubinger et al. - 2009 - Praxisorientiertes Innovations- und Produktmanagem.pdf:application/pdf}
}

@book{kus_marktforschung:_2012-6,
	location = {Wiesbaden},
	edition = {4., überarb. Aufl},
	title = {Marktforschung: Grundlagen der Datenerhebung und Datenanalyse},
	isbn = {978-3-8349-3437-6 978-3-8349-3853-4},
	series = {Springer-Gabler-Lehrbuch},
	shorttitle = {Marktforschung},
	pagetotal = {314},
	publisher = {Springer Gabler},
	author = {Kuß, Alfred},
	date = {2012},
	langid = {german},
	note = {{OCLC}: 795116334},
	file = {Kuß - 2012 - Marktforschung Grundlagen der Datenerhebung und D.pdf:/Users/shisha/Zotero/storage/H7UBKLDI/Kuß - 2012 - Marktforschung Grundlagen der Datenerhebung und D.pdf:application/pdf}
}

@book{kus_marktforschung:_2012-7,
	location = {Wiesbaden},
	edition = {4., überarb. Aufl},
	title = {Marktforschung: Grundlagen der Datenerhebung und Datenanalyse},
	isbn = {978-3-8349-3437-6 978-3-8349-3853-4},
	series = {Springer-Gabler-Lehrbuch},
	shorttitle = {Marktforschung},
	pagetotal = {314},
	publisher = {Springer Gabler},
	author = {Kuß, Alfred},
	date = {2012},
	langid = {german},
	note = {{OCLC}: 795116334},
	file = {Kuß - 2012 - Marktforschung Grundlagen der Datenerhebung und D.pdf:/Users/shisha/Zotero/storage/6S5AXLUR/Kuß - 2012 - Marktforschung Grundlagen der Datenerhebung und D.pdf:application/pdf}
}

@online{noauthor_staat_nodate,
	title = {Staat \& Gesellschaft - Bevölkerungsstand - Bevölkerung - Statistisches Bundesamt (Destatis)},
	url = {https://www.destatis.de/DE/ZahlenFakten/GesellschaftStaat/Bevoelkerung/Bevoelkerungsstand/Tabellen_/lrbev01.html},
	urldate = {2019-01-01},
	file = {Staat & Gesellschaft - Bevölkerungsstand - Bevölkerung - Statistisches Bundesamt (Destatis):/Users/shisha/Zotero/storage/AGP7JIWR/lrbev01.html:text/html}
}

@online{burdaforward_bf_socialtrends_doityourself2015.pdf_nodate,
	title = {{BF}\_SocialTrends\_DoItYourself2015.pdf},
	url = {https://www.burda-forward.de/fileadmin/customer_files/public_files/downloads/studien/BF_SocialTrends_DoItYourself2015.pdf},
	titleaddon = {Marktforschung},
	author = {{BurdaForward}},
	urldate = {2019-01-01},
	file = {BF_SocialTrends_DoItYourself2015.pdf:/Users/shisha/Zotero/storage/XFN7HMCD/BF_SocialTrends_DoItYourself2015.pdf:application/pdf}
}

@inbook{bruhn_entscheidungen_2012,
	location = {Wiesbaden},
	title = {Entscheidungen der Produktpolitik},
	isbn = {978-3-8349-3439-0 978-3-8349-3855-8},
	url = {http://www.springerlink.com/index/10.1007/978-3-8349-3855-8_5},
	pages = {123--164},
	booktitle = {Marketing},
	publisher = {Gabler Verlag},
	author = {Bruhn, Manfred},
	bookauthor = {Bruhn, Manfred},
	urldate = {2019-01-01},
	date = {2012},
	langid = {german},
	doi = {10.1007/978-3-8349-3855-8_5},
	file = {Bruhn - 2012 - Entscheidungen der Produktpolitik.pdf:/Users/shisha/Zotero/storage/4J97CSZG/Bruhn - 2012 - Entscheidungen der Produktpolitik.pdf:application/pdf}
}

@book{gaubinger_praxisorientiertes_2009-1,
	location = {Wiesbaden},
	title = {Praxisorientiertes Innovations- und Produktmanagement},
	isbn = {978-3-8349-0974-9 978-3-8349-8780-8},
	url = {http://link.springer.com/10.1007/978-3-8349-8780-8},
	publisher = {Gabler},
	author = {Gaubinger, Kurt and Werani, Thomas and Rabl, Michael},
	urldate = {2019-01-01},
	date = {2009},
	langid = {german},
	doi = {10.1007/978-3-8349-8780-8},
	file = {Gaubinger et al. - 2009 - Praxisorientiertes Innovations- und Produktmanagem.pdf:/Users/shisha/Zotero/storage/LYKG2TMM/Gaubinger et al. - 2009 - Praxisorientiertes Innovations- und Produktmanagem.pdf:application/pdf}
}

@book{magerhans_marktforschung:_2016,
	location = {Wiesbaden},
	title = {Marktforschung: eine praxisorientierte Einführung},
	isbn = {978-3-658-00890-1 978-3-658-00891-8},
	series = {Lehrbuch},
	shorttitle = {Marktforschung},
	pagetotal = {360},
	publisher = {Springer Gabler},
	author = {Magerhans, Alexander},
	date = {2016},
	langid = {german},
	note = {{OCLC}: 953969041},
	file = {Magerhans - 2016 - Marktforschung eine praxisorientierte Einführung.pdf:/Users/shisha/Zotero/storage/VLBT7XC2/Magerhans - 2016 - Marktforschung eine praxisorientierte Einführung.pdf:application/pdf}
}

@online{noauthor_pinguin_nodate,
	title = {Pinguin Druck - Ihre Druckerei für Offsetdruck, Digitaldruck und Siebdruck in Berlin},
	url = {https://pinguindruck.de/},
	abstract = {Vom Flyer über Visitenkarten bis hin zu Postern - wir bieten Ihnen alle klassischen Druckprodukte in unserem Online Shop. Neben dem Offsetdruck sind wir auch Spezialisten für Veredelungen aller Art im Siebdruckverfahren.},
	titleaddon = {Pinguin Druck {GmbH}},
	urldate = {2019-01-03},
	langid = {german},
	file = {Snapshot:/Users/shisha/Zotero/storage/P6C54APW/flyer-uvlack-partiell-einseitig.html:text/html}
}

@book{schumacher_case-based_2016,
	location = {Wiesbaden},
	title = {Case-based Evidence – Grundlagen und Anwendung},
	isbn = {978-3-658-10612-6 978-3-658-10613-3},
	url = {http://link.springer.com/10.1007/978-3-658-10613-3},
	publisher = {Springer Fachmedien Wiesbaden},
	author = {Schumacher, Meike and Hofmann, Georg Rainer},
	urldate = {2019-01-04},
	date = {2016},
	langid = {german},
	doi = {10.1007/978-3-658-10613-3},
	file = {Schumacher und Hofmann - 2016 - Case-based Evidence – Grundlagen und Anwendung.pdf:/Users/shisha/Zotero/storage/XFA935WR/Schumacher und Hofmann - 2016 - Case-based Evidence – Grundlagen und Anwendung.pdf:application/pdf}
}

@book{schlohmann_innovatorenorientierte_2012,
	location = {Wiesbaden},
	title = {Innovatorenorientierte Akzeptanzforschung bei innovativen Medientechnologien},
	isbn = {978-3-8349-3485-7 978-3-8349-3486-4},
	url = {http://link.springer.com/10.1007/978-3-8349-3486-4},
	publisher = {Gabler Verlag},
	author = {Schlohmann, Knut},
	urldate = {2019-01-04},
	date = {2012},
	langid = {german},
	doi = {10.1007/978-3-8349-3486-4},
	file = {Schlohmann - 2012 - Innovatorenorientierte Akzeptanzforschung bei inno.pdf:/Users/shisha/Zotero/storage/V3R7W8X5/Schlohmann - 2012 - Innovatorenorientierte Akzeptanzforschung bei inno.pdf:application/pdf}
}

@collection{kollmann_gabler_2009,
	location = {Wiesbaden},
	edition = {2., überarb. und erw. Aufl},
	title = {Gabler Kompakt-Lexikon Unternehmensgründung: [A - Z] ; 2000 Begriffe ; erst nachschlagen, dann gründen!},
	isbn = {978-3-8349-0156-9},
	shorttitle = {Gabler Kompakt-Lexikon Unternehmensgründung},
	pagetotal = {448},
	publisher = {Gabler},
	editor = {Kollmann, Tobias},
	date = {2009},
	langid = {german},
	note = {{OCLC}: 432312529},
	file = {Kollmann - 2009 - Gabler Kompakt-Lexikon Unternehmensgründung [A - .pdf:/Users/shisha/Zotero/storage/YP5LJW22/Kollmann - 2009 - Gabler Kompakt-Lexikon Unternehmensgründung [A - .pdf:application/pdf}
}

@online{noauthor_18er-mandala-set_nodate,
	title = {18er-Mandala-Set {DIN} A6, Wertschätzung, Affirmation, Ziel, Wunsch, Emotion, Chakra, Ausmal Karten: Amazon.de: Bürobedarf \& Schreibwaren},
	url = {https://www.amazon.de/18er-Mandala-Set-Wertsch%C3%A4tzung-Affirmation-Wunsch-Emotion/dp/B01C75T9T8/ref=sr_1_14?ie=UTF8&qid=1546696271&sr=8-14&keywords=bemalbare+karte},
	urldate = {2019-01-05},
	file = {18er-Mandala-Set DIN A6, Wertschätzung, Affirmation, Ziel, Wunsch, Emotion, Chakra, Ausmal Karten\: Amazon.de\: Bürobedarf & Schreibwaren:/Users/shisha/Zotero/storage/WVMZ8JPR/ref=sr_1_14.html:text/html}
}

@online{noauthor_magische_nodate,
	title = {Magische Motive Mandalas malen},
	url = {https://www.staedtler.com/de/de/entdecken/magische-motive-mandalas-malen/},
	abstract = {Here on our page you’ll find complimentary mandala colouring patterns to print out and colour in. In addition, you can use our new Mandala Creator. Here on our page you’ll find complimentary mandala colouring patterns to print out and colour in \& simple step-by-step instructions for creating…},
	titleaddon = {{STAEDTLER}},
	urldate = {2019-01-05},
	langid = {german},
	file = {Snapshot:/Users/shisha/Zotero/storage/69JPSFZL/magische-motive-mandalas-malen.html:text/html}
}

@online{noauthor_marken_nodate,
	title = {Die Marken {\textbar} Verband der {PBS}-Markenindustrie},
	url = {https://www.pbs-markenindustrie.de/marken},
	urldate = {2019-01-05},
	file = {Die Marken | Verband der PBS-Markenindustrie:/Users/shisha/Zotero/storage/VLSW6GD9/marken.html:text/html}
}

@online{noauthor_products_nodate,
	title = {Products Archiv},
	url = {https://www.fila.it/de/de/produkte/},
	titleaddon = {Fila Deutschland},
	urldate = {2019-01-05},
	langid = {german},
	file = {Snapshot:/Users/shisha/Zotero/storage/8GU2M44G/produkte.html:text/html}
}

@online{noauthor_nedac_nodate,
	title = {Nedac {GmbH}},
	url = {http://home.horn24.org/aspx/Home.aspx?site=karten},
	urldate = {2019-01-05},
	file = {Nedac GmbH:/Users/shisha/Zotero/storage/AIDRA9SF/Home.html:text/html;Nedac GmbH.pdf:/Users/shisha/Zotero/storage/3ARVEXCU/Nedac GmbH.pdf:application/pdf}
}

@online{noauthor_veloflex_nodate,
	title = {{VELOFLEX} - Einkaufszettel},
	url = {http://www.veloflex.de/cgi/search},
	urldate = {2019-01-05},
	file = {VELOFLEX - Einkaufszettel:/Users/shisha/Zotero/storage/UW9KYFMV/search.html:text/html}
}

@online{noauthor_magische_nodate-1,
	title = {Magische Motive Mandalas malen},
	url = {https://www.staedtler.com/de/de/entdecken/magische-motive-mandalas-malen/},
	abstract = {Here on our page you’ll find complimentary mandala colouring patterns to print out and colour in. In addition, you can use our new Mandala Creator. Here on our page you’ll find complimentary mandala colouring patterns to print out and colour in \& simple step-by-step instructions for creating…},
	titleaddon = {{STAEDTLER}},
	urldate = {2019-01-05},
	langid = {german},
	file = {Snapshot:/Users/shisha/Zotero/storage/MY2MW2HS/magische-motive-mandalas-malen.html:text/html}
}

@online{noauthor_marken_nodate-1,
	title = {Die Marken {\textbar} Verband der {PBS}-Markenindustrie},
	url = {https://www.pbs-markenindustrie.de/marken},
	urldate = {2019-01-05},
	file = {Die Marken | Verband der PBS-Markenindustrie:/Users/shisha/Zotero/storage/QGYMX8AJ/marken.html:text/html}
}

@inbook{bruhn_entscheidungen_2012-1,
	location = {Wiesbaden},
	title = {Entscheidungen der Produktpolitik},
	isbn = {978-3-8349-3439-0 978-3-8349-3855-8},
	url = {http://www.springerlink.com/index/10.1007/978-3-8349-3855-8_5},
	pages = {123--164},
	booktitle = {Marketing},
	publisher = {Gabler Verlag},
	author = {Bruhn, Manfred},
	bookauthor = {Bruhn, Manfred},
	urldate = {2019-01-05},
	date = {2012},
	langid = {german},
	doi = {10.1007/978-3-8349-3855-8_5},
	file = {Bruhn - 2012 - Entscheidungen der Produktpolitik.pdf:/Users/shisha/Zotero/storage/64FBDCI8/Bruhn - 2012 - Entscheidungen der Produktpolitik.pdf:application/pdf}
}

@book{hofte-fankhauser_marktforschung:_2009,
	title = {Marktforschung: Grundlagen mit zahlreichen Beispielen, Repetitionsfragen mit Lösungen und Glossar ; ein Lehrmittel für angehende Marketingfachleute und für Praktiker},
	isbn = {978-3-7155-9388-3},
	shorttitle = {Marktforschung},
	pagetotal = {188},
	publisher = {Compendio Bildungsmedien {AG}},
	author = {Hofte-Fankhauser, Kathrin ter and Wälty, Hans F.},
	date = {2009},
	langid = {german},
	note = {Google-Books-{ID}: {eGUX}69c56qoC}
}

@online{noauthor_definition:_nodate,
	title = {Definition: Werte},
	url = {https://wirtschaftslexikon.gabler.de/definition/werte-49667},
	shorttitle = {Definition},
	abstract = {Was ist "Werte"? Definition im Gabler Wirtschaftslexikon vollständig und kostenfrei online. ✓Geprüftes Wissen beim Original.},
	titleaddon = {Gabler Wirtschaftslexikon},
	urldate = {2019-01-16},
	langid = {german},
	file = {Snapshot:/Users/shisha/Zotero/storage/FXP3P3ZD/werte-49667.html:text/html}
}

@online{noauthor_duden_nodate,
	title = {Duden {\textbar} Startseite},
	url = {https://www.duden.de/},
	urldate = {2019-01-18},
	file = {Duden | Startseite:/Users/shisha/Zotero/storage/7GN5DDR6/www.duden.de.html:text/html}
}

@online{noauthor_vorteil_nodate,
	title = {Vorteil - Synonyme bei {OpenThesaurus}},
	url = {https://www.openthesaurus.de/synonyme/Vorteil},
	urldate = {2019-01-18},
	file = {Vorteil - Synonyme bei OpenThesaurus:/Users/shisha/Zotero/storage/BDVC2QDB/Vorteil.html:text/html}
}

@book{noauthor_zitate_2010,
	location = {Wiesbaden},
	edition = {2., durchges. u. erw. Aufl},
	title = {Zitate für Manager: Immer die richtigen Worte schnell zur Hand},
	isbn = {978-3-8349-1891-8},
	shorttitle = {Zitate für Manager},
	pagetotal = {419},
	publisher = {Gabler},
	date = {2010},
	langid = {german},
	note = {{OCLC}: 488698608},
	file = {2010 - Zitate für Manager Immer die richtigen Worte schn.pdf:/Users/shisha/Zotero/storage/BVRI4PIJ/2010 - Zitate für Manager Immer die richtigen Worte schn.pdf:application/pdf}
}

@book{quadbeck-seeger_aphorismen_2013,
	title = {Aphorismen und Zitate über Natur und Wissenschaft},
	isbn = {978-3-527-33613-5},
	abstract = {"Ein guter Aphorismus ist die Weisheit eines ganzen Buches in einem einzigen Satz" (Theodor Fontane). Und da der Konsum von Büchern bekanntermaßen satt, aber nicht dick macht, ist dem Leser das neueste Buch von Hans-Jürgen Quadbeck-Seeger zur köstlichen Unterhaltung wärmstens empfohlen. Gewohnt inspirierend, witzig und zum Nachdenken anregend beschreibt der Autor nichts weniger als das Leben in all seinen (naturwissenschaftlichen) Facetten. Die Sammlung an Aphorismen von Literaten, Wissenschaftlern und berühmten Staatsmännern reicht dabei von A wie Konrad Adenauer bis Z wie Konrad Zuse. Die außergewöhnliche und aufwendige Buchgestaltung lädt immer wieder zum Nachschlagen und Stöbern ein. Die Untergliederung in verschiedenste Themenbereiche ermöglicht es, stets sofort den gerade passenden Sinnspruch zu finden. Mit hochwertigem Leineneinband!},
	pagetotal = {316},
	publisher = {John Wiley \& Sons},
	author = {Quadbeck-Seeger, Hans-Jürgen},
	date = {2013},
	langid = {german},
	note = {Google-Books-{ID}: {caEtBAAAQBAJ}}
}

@book{gmbh_zitate_2017,
	title = {Zitate für Manager: Über 2.600 Sinnsprüche, die Ihre Botschaft auf den Punkt bringen},
	isbn = {978-3-658-19478-9},
	shorttitle = {Zitate für Manager},
	abstract = {„Ein guter Spruch ist die Wahrheit eines ganzen Buches in einem einzigen Satz.“ (Theodor Fontane)Eine gelungene Einleitung für eine Rede, eine pointierte Aussage für eine Präsentation oder ein Paper – mit diesem Buch sind Sie immer gut gerüstet. Über 2.600 sorgfältig ausgewählte Zitate von zahlreichen Persönlichkeiten aus Management, Wissenschaft, Literatur und Politik helfen Ihnen, Ihre Gedanken auf den Punkt zu bringen. So bleiben Sie und Ihre Botschaft Ihren Zuhörern und Lesern im Gedächtnis!Die thematische Gliederung, das ausführliche Stichwortverzeichnis sowie das detaillierte Autorenverzeichnis ermöglichen Ihnen das Finden der passenden Sentenz.},
	pagetotal = {374},
	publisher = {Springer-Verlag},
	author = {{GmbH}, Springer Fachmedien Wiesbaden},
	date = {2017-09-19},
	langid = {german},
	note = {Google-Books-{ID}: {UaU}2DwAAQBAJ},
	keywords = {Business \& Economics / Human Resources \& Personnel Management, Business \& Economics / Management, Business \& Economics / Strategic Planning}
}

@online{noauthor_gewinnzahlen_nodate,
	title = {Gewinnzahlen, Teilnahmebedingungen und Infos rund um {WestLotto} - {WestLotto}.de},
	url = {https://www.westlotto.com/service/downloads/downloads.html#akkordeon_entry_gewinnzahlendownload},
	urldate = {2019-06-11},
	file = {Gewinnzahlen, Teilnahmebedingungen und Infos rund um WestLotto - WestLotto.de:/Users/shisha/Zotero/storage/2IWMGBUM/downloads.html:text/html}
}

@book{beutelspacher_diskrete_2013,
	title = {Diskrete Mathematik für Einsteiger: Mit Anwendungen in Technik und Informatik},
	isbn = {978-3-322-94297-5},
	shorttitle = {Diskrete Mathematik für Einsteiger},
	abstract = {Was ist diskrete Mathematik? Diskrete Mathematik ist ein junges Gebiet der Mathematik, das in einzigartiger Weise sogenannte ,,reine Mathematik" mit ,,Anwendungen" verbindet. Um diese Antwort zu verstehen, müssen wir etwas weiter ausholen. Bis vor wenigen Jahrzehnten hatte nach allgemeiner Meinung die angewandte Mathematik ausschließlich die Aufgabe, die physikalische Welt möglichst gut und aussagekräftig zu beschreiben. Typische Fragen waren dabei: Wie modelliert man den Raum? Wie misst man den Raum? Wie beschreibt man Bewegungen? Die mathematischen Disziplinen, die sich mit solchen Fragestellungen beschäftigen, sind die Geometrie und die Analysis, sowie alle sich daraus ableitenden Teildisziplinen. Dies sind vor allem Teilgebiete der Mathematik, die sich mit kontinuierlichen, ,,stetigen" Phänomenen beschäftigen. Im 20. Jahrhundert, insbesondere seit der Einfiihrung des Computers in der Mitte des Jahrhunderts, drängte sich ein anderer Typ von Fragen in den Vordergrund. Die Her ausforderung besteht darin, Modelle zum Verständnis und zur Beherrschung von endli chen, eventuell allerdings sehr großen Phänomenen und Strukturen zu entwickeln. Sol che Strukturen können sein: Eine Gesellschaft als Menge ihrer endlich vielen Mitglieder, ein ökonomischer Prozess mit nur endlich vielen möglichen Zuständen, ein Computer, der nur Zahlen bis zu einer gewissen Größe verarbeiten kann, usw.},
	pagetotal = {219},
	publisher = {Springer-Verlag},
	author = {Beutelspacher, Albrecht and Zschiegner, Marc-Alexander},
	date = {2013-03-09},
	langid = {german},
	note = {Google-Books-{ID}: {eLLyBQAAQBAJ}},
	keywords = {Computers / Computer Science, Mathematics / Algebra / General, Mathematics / General}
}

@book{kohn_mathematik_2019,
	location = {S.l.},
	title = {{MATHEMATIK} {FR} {WIRTSCHAFTSINFORMATIKER}: grundlagen und anwendungen.},
	isbn = {978-3-662-59467-4},
	shorttitle = {{MATHEMATIK} {FR} {WIRTSCHAFTSINFORMATIKER}},
	publisher = {{SPRINGER}},
	author = {{KOHN}, {WOLFGANG}},
	date = {2019},
	langid = {german},
	note = {{OCLC}: 1102475595},
	file = {KOHN - 2019 - MATHEMATIK FR WIRTSCHAFTSINFORMATIKER grundlagen .pdf:/Users/shisha/Zotero/storage/AFBDAND7/KOHN - 2019 - MATHEMATIK FR WIRTSCHAFTSINFORMATIKER grundlagen .pdf:application/pdf}
}

@online{hand_math_nodate,
	title = {Math Explains Likely Long Shots, Miracles and Winning the Lottery [Excerpt]},
	url = {https://www.scientificamerican.com/article/math-explains-likely-long-shots-miracles-and-winning-the-lottery/},
	abstract = {Why you should not be surprised when long shots, miracles and other extraordinary events occur\&mdash;even when the same six winning lottery numbers come up in two successive drawings},
	titleaddon = {Scientific American},
	author = {Hand, David J.},
	urldate = {2019-07-08},
	langid = {english},
	doi = {10.1038/scientificamerican0214-72},
	file = {Snapshot:/Users/shisha/Zotero/storage/AGEIHZNV/math-explains-likely-long-shots-miracles-and-winning-the-lottery.html:text/html}
}

@online{noauthor_lotto_nodate,
	title = {Lotto am Mittwoch spielen - Häufigkeit in Deutschland 2018 {\textbar} Statistik},
	url = {https://de.statista.com/statistik/daten/studie/172226/umfrage/haeufigkeit-lotto-am-mittwoch-spielen/},
	abstract = {Diese Statistik zeigt das Ergebnis einer Umfrage in Deutschland zur Häufigkeit des Spielens von Lotto am Mittwoch in den Jahren 2015 bis 2018. Im Jahr 2018 gab es in der deutschsprachigen Bevölkerung ab 14 Jahre rund 5,62 Millionen Personen, die wöchentlich Lotto am Mittwoch spielten. {\textless}br/{\textgreater} Die {\textless}a href="/themen/2472/vuma/" target="\_blank"{\textgreater}{VuMA} Touchpoints{\textless}/a{\textgreater} (Verbrauchs- und Medienanalyse) liefert Informationen zu dem Mediennutzungsverhalten, sowie zum Konsumverhalten der deutschsprachigen Bevölkerung ab 14 Jahren.},
	titleaddon = {Statista},
	urldate = {2019-07-08},
	langid = {german},
	file = {Snapshot:/Users/shisha/Zotero/storage/LRV9LYMB/haeufigkeit-lotto-am-mittwoch-spielen.html:text/html}
}

@online{noauthor_lotto_nodate-1,
	title = {Lotto am Samstag spielen - Häufigkeit in Deutschland 2018 {\textbar} Statistik},
	url = {https://de.statista.com/statistik/daten/studie/172225/umfrage/haeufigkeit-lotto-am-samstag-spielen/},
	abstract = {Diese Statistik zeigt das Ergebnis einer Umfrage in Deutschland zur Häufigkeit des Spielens von Lotto am Samstag in den Jahren 2015 bis 2018. Im Jahr 2018 gab es in der deutschsprachigen Bevölkerung ab 14 Jahre rund 9,25 Millionen Personen, die wöchentlich Lotto am Samstag spielten.},
	titleaddon = {Statista},
	urldate = {2019-07-08},
	langid = {german},
	file = {Snapshot:/Users/shisha/Zotero/storage/22M98E3G/haeufigkeit-lotto-am-samstag-spielen.html:text/html}
}

@online{noauthor_lotto_nodate-2,
	title = {{LOTTO} 6aus49: Zeitreise durch die {LOTTO}-Historie {\textbar} {LOTTO}.de},
	url = {https://www.lotto.de/lotto-6aus49/ueber/historie},
	shorttitle = {{LOTTO} 6aus49},
	abstract = {Eine Reise durch die Geschichte des Zahlenlottos - von der ersten Ziehung der Lottozahlen bis zum Livestream im Internet},
	urldate = {2019-07-08},
	langid = {german},
	file = {Snapshot:/Users/shisha/Zotero/storage/DLMDIX7X/historie.html:text/html}
}

@book{schredelseker_alltagsentscheidungen_2017,
	location = {Wiesbaden},
	title = {Alltagsentscheidungen},
	isbn = {978-3-658-12400-7 978-3-658-12401-4},
	url = {http://link.springer.com/10.1007/978-3-658-12401-4},
	publisher = {Springer Fachmedien Wiesbaden},
	author = {Schredelseker, Klaus},
	urldate = {2019-07-08},
	date = {2017},
	langid = {german},
	doi = {10.1007/978-3-658-12401-4},
	file = {Schredelseker - 2017 - Alltagsentscheidungen.pdf:/Users/shisha/Zotero/storage/Q7EZ5PL5/Schredelseker - 2017 - Alltagsentscheidungen.pdf:application/pdf}
}

@online{noauthor_lotto-spielen:_nodate,
	title = {Lotto-Spielen: Teilnahme in den letzten 12 Monaten nach Alter bis 2017 {\textbar} Umfrage},
	url = {https://de.statista.com/statistik/daten/studie/163983/umfrage/teilnahme-an-lotto-in-den-letzten-12-monaten-nach-alter/},
	shorttitle = {Lotto-Spielen},
	abstract = {Die Statistik zeigt Umfrageergebnisse aus den Jahren von 2007 bis 2017 zur Teilnahme der deutschen Bevölkerung an Lotto in den letzten 12 Monaten nach Alter. Die Studie der Bundeszentrale für gesundheitliche Aufklärung {BZgA} über das Glücksspielverhalten der Deutschen wird alle zwei Jahre erhoben. Bei der Befragung im Jahr 2017 gab ein Prozent der 16- bis 17-Jährigen an, in den letzten 12 Monaten Lotto "6 aus 49" gespielt zu haben.},
	titleaddon = {Statista},
	urldate = {2019-07-08},
	langid = {german},
	file = {Snapshot:/Users/shisha/Zotero/storage/XVZWEJHS/teilnahme-an-lotto-in-den-letzten-12-monaten-nach-alter.html:text/html}
}

@book{hodge_50_2014,
	location = {Berlin, Heidelberg},
	title = {50 Schlüsselideen Kunst},
	isbn = {978-3-642-39327-3 978-3-642-39328-0},
	url = {http://link.springer.com/10.1007/978-3-642-39328-0},
	publisher = {Springer Berlin Heidelberg},
	author = {Hodge, Susie},
	urldate = {2019-07-08},
	date = {2014},
	langid = {german},
	doi = {10.1007/978-3-642-39328-0},
	file = {Hodge - 2014 - 50 Schlüsselideen Kunst.pdf:/Users/shisha/Zotero/storage/GCLLIUJC/Hodge - 2014 - 50 Schlüsselideen Kunst.pdf:application/pdf}
}

@online{noauthor_lotto_nodate-3,
	title = {Lotto - Beliebteste Lotteriespiele in Deutschland 2018 {\textbar} Statistik},
	url = {https://de.statista.com/statistik/daten/studie/171614/umfrage/lotteriespiele-die-zumindest-gelegentlich-gespielt-werden/},
	abstract = {Diese Statistik zeigt das Ergebnis einer Umfrage in Deutschland zu den beliebtesten Lotteriespielen in den Jahren 2015 bis 2018. Im Jahr 2018 spielten rund 26 Prozent der deutschsprachigen Bevölkerung ab 14 Jahre mindestens einmal im halben Jahr Lotto am Samstag. {\textless}br/{\textgreater} Die {\textless}a href="/themen/2472/vuma/" target="\_blank"{\textgreater}{VuMA} Touchpoints{\textless}/a{\textgreater} (Verbrauchs- und Medienanalyse) liefert Informationen zu dem Mediennutzungsverhalten, sowie zum Konsumverhalten der deutschsprachigen Bevölkerung ab 14 Jahren.},
	titleaddon = {Statista},
	urldate = {2019-07-08},
	langid = {german},
	file = {Snapshot:/Users/shisha/Zotero/storage/8GL7YPI6/lotteriespiele-die-zumindest-gelegentlich-gespielt-werden.html:text/html}
}

@book{knebl_algorithmen_2019,
	title = {Algorithmen und Datenstrukturen Grundlagen und probabilistische Methoden für den Entwurf und die Analyse},
	isbn = {978-3-658-26511-3},
	author = {Knebl, Helmut and {Springer Fachmedien Wiesbaden GmbH}},
	date = {2019},
	langid = {german},
	note = {{OCLC}: 1098316960},
	file = {Knebl und Springer Fachmedien Wiesbaden GmbH - 2019 - Algorithmen und Datenstrukturen Grundlagen und pro.pdf:/Users/shisha/Zotero/storage/E25J9EN4/Knebl und Springer Fachmedien Wiesbaden GmbH - 2019 - Algorithmen und Datenstrukturen Grundlagen und pro.pdf:application/pdf}
}

@book{jonak_essays_2018,
	location = {Wiesbaden},
	title = {Essays zur Architektur},
	isbn = {978-3-658-19128-3 978-3-658-19129-0},
	url = {http://link.springer.com/10.1007/978-3-658-19129-0},
	publisher = {Springer Fachmedien Wiesbaden},
	author = {Jonak, Ulf},
	urldate = {2019-07-08},
	date = {2018},
	langid = {german},
	doi = {10.1007/978-3-658-19129-0},
	file = {Jonak - 2018 - Essays zur Architektur.pdf:/Users/shisha/Zotero/storage/MHGLBGF3/Jonak - 2018 - Essays zur Architektur.pdf:application/pdf}
}

@collection{sproesser_daten_2014,
	location = {Wiesbaden},
	title = {Daten, Zufall und der Rest der Welt: didaktische Perspektiven zur anwendungsbezogenen Mathematik},
	isbn = {978-3-658-04668-2},
	series = {Research},
	shorttitle = {Daten, Zufall und der Rest der Welt},
	pagetotal = {325},
	publisher = {Springer Spektrum},
	editor = {Sproesser, Ute and Wessolowski, Silvia and Wörn, Claudia},
	date = {2014},
	langid = {german},
	note = {{OCLC}: 870165159},
	file = {Sproesser et al. - 2014 - Daten, Zufall und der Rest der Welt didaktische P.pdf:/Users/shisha/Zotero/storage/5KV88TER/Sproesser et al. - 2014 - Daten, Zufall und der Rest der Welt didaktische P.pdf:application/pdf}
}

@book{oerter_mensch_2014,
	location = {Wiesbaden},
	title = {Der Mensch, das wundersame Wesen: was Evolution, Kultur und Ontogenese aus uns machen},
	isbn = {978-3-658-03321-7 978-3-658-03322-4},
	shorttitle = {Der Mensch, das wundersame Wesen},
	pagetotal = {442},
	publisher = {Springer Spektrum},
	author = {Oerter, Rolf},
	date = {2014},
	langid = {german},
	note = {{OCLC}: 887522626},
	file = {Oerter - 2014 - Der Mensch, das wundersame Wesen was Evolution, K.pdf:/Users/shisha/Zotero/storage/LQB8GWW9/Oerter - 2014 - Der Mensch, das wundersame Wesen was Evolution, K.pdf:application/pdf}
}

@online{noauthor_gewinnzahlen_nodate-1,
	title = {Gewinnzahlen, Teilnahmebedingungen und Infos rund um {WestLotto} - {WestLotto}.de},
	url = {https://www.westlotto.com/service/downloads/downloads.html#akkordeon_entry_gewinnzahlendownload},
	urldate = {2019-07-08},
	file = {Gewinnzahlen, Teilnahmebedingungen und Infos rund um WestLotto - WestLotto.de:/Users/shisha/Zotero/storage/FTVGMNYR/downloads.html:text/html}
}

@online{noauthor_lotto_nodate-4,
	title = {Lotto 6 aus 49 - Lottozahlen Archiv - Jahr 2018 - Lotto am Mittwoch},
	url = {https://www.lottozahlenonline.de/statistik/lotto-am-mittwoch/lottozahlen-archiv.php?j=2018},
	urldate = {2019-07-08},
	file = {Lotto 6 aus 49 - Lottozahlen Archiv - Jahr 2018 - Lotto am Mittwoch:/Users/shisha/Zotero/storage/KMYEM3ZE/lottozahlen-archiv.html:text/html}
}

@online{noauthor_lotto_nodate-5,
	title = {Lotto 6 aus 49 - Lottozahlen Archiv - Jahr 2019 - Lotto am Mittwoch},
	url = {https://www.lottozahlenonline.de/statistik/lotto-am-mittwoch/lottozahlen-archiv.php},
	urldate = {2019-07-08},
	file = {Lotto 6 aus 49 - Lottozahlen Archiv - Jahr 2019 - Lotto am Mittwoch:/Users/shisha/Zotero/storage/Y7TF3NLJ/lottozahlen-archiv.html:text/html}
}

@online{noauthor_zufallzitate_nodate,
	title = {Zufallzitate {\textbar} Top 20 Zitate und Sprüche über Zufälle ... Zitate.net},
	url = {http://zitate.net/zufall-zitate},
	urldate = {2019-07-14},
	file = {Zufallzitate | Top 20 Zitate und Sprüche über Zufälle ... Zitate.net:/Users/shisha/Zotero/storage/AR3APWIF/zufall-zitate.html:text/html}
}

@online{noauthor_joseph_nodate,
	title = {Joseph Joubert Zitate und Sprüche ... Zitate.net},
	url = {http://zitate.net/joseph-joubert-zitate?p=2},
	urldate = {2019-07-14},
	file = {Joseph Joubert Zitate und Sprüche ... Zitate.net:/Users/shisha/Zotero/storage/V6RPJV29/joseph-joubert-zitate.html:text/html}
}