
@online{noauthor_gewinnzahlen_nodate,
	title = {Gewinnzahlen, Teilnahmebedingungen und Infos rund um {WestLotto} - {WestLotto}.de},
	url = {https://www.westlotto.com/service/downloads/downloads.html#akkordeon_entry_gewinnzahlendownload},
	urldate = {2019-06-11},
	file = {Gewinnzahlen, Teilnahmebedingungen und Infos rund um WestLotto - WestLotto.de:/Users/shisha/Zotero/storage/2IWMGBUM/downloads.html:text/html}
}

@book{beutelspacher_diskrete_2013,
	title = {Diskrete Mathematik für Einsteiger: Mit Anwendungen in Technik und Informatik},
	isbn = {978-3-322-94297-5},
	shorttitle = {Diskrete Mathematik für Einsteiger},
	abstract = {Was ist diskrete Mathematik? Diskrete Mathematik ist ein junges Gebiet der Mathematik, das in einzigartiger Weise sogenannte ,,reine Mathematik" mit ,,Anwendungen" verbindet. Um diese Antwort zu verstehen, müssen wir etwas weiter ausholen. Bis vor wenigen Jahrzehnten hatte nach allgemeiner Meinung die angewandte Mathematik ausschließlich die Aufgabe, die physikalische Welt möglichst gut und aussagekräftig zu beschreiben. Typische Fragen waren dabei: Wie modelliert man den Raum? Wie misst man den Raum? Wie beschreibt man Bewegungen? Die mathematischen Disziplinen, die sich mit solchen Fragestellungen beschäftigen, sind die Geometrie und die Analysis, sowie alle sich daraus ableitenden Teildisziplinen. Dies sind vor allem Teilgebiete der Mathematik, die sich mit kontinuierlichen, ,,stetigen" Phänomenen beschäftigen. Im 20. Jahrhundert, insbesondere seit der Einfiihrung des Computers in der Mitte des Jahrhunderts, drängte sich ein anderer Typ von Fragen in den Vordergrund. Die Her ausforderung besteht darin, Modelle zum Verständnis und zur Beherrschung von endli chen, eventuell allerdings sehr großen Phänomenen und Strukturen zu entwickeln. Sol che Strukturen können sein: Eine Gesellschaft als Menge ihrer endlich vielen Mitglieder, ein ökonomischer Prozess mit nur endlich vielen möglichen Zuständen, ein Computer, der nur Zahlen bis zu einer gewissen Größe verarbeiten kann, usw.},
	pagetotal = {219},
	publisher = {Springer-Verlag},
	author = {Beutelspacher, Albrecht and Zschiegner, Marc-Alexander},
	date = {2013-03-09},
	langid = {german},
	note = {Google-Books-{ID}: {eLLyBQAAQBAJ}},
	keywords = {Computers / Computer Science, Mathematics / Algebra / General, Mathematics / General}
}

@book{kohn_mathematik_2019,
	location = {S.l.},
	title = {{MATHEMATIK} {FR} {WIRTSCHAFTSINFORMATIKER}: grundlagen und anwendungen.},
	isbn = {978-3-662-59467-4},
	shorttitle = {{MATHEMATIK} {FR} {WIRTSCHAFTSINFORMATIKER}},
	publisher = {{SPRINGER}},
	author = {{KOHN}, {WOLFGANG}},
	date = {2019},
	langid = {german},
	note = {{OCLC}: 1102475595},
	file = {KOHN - 2019 - MATHEMATIK FR WIRTSCHAFTSINFORMATIKER grundlagen .pdf:/Users/shisha/Zotero/storage/AFBDAND7/KOHN - 2019 - MATHEMATIK FR WIRTSCHAFTSINFORMATIKER grundlagen .pdf:application/pdf}
}

@online{hand_math_nodate,
	title = {Math Explains Likely Long Shots, Miracles and Winning the Lottery [Excerpt]},
	url = {https://www.scientificamerican.com/article/math-explains-likely-long-shots-miracles-and-winning-the-lottery/},
	abstract = {Why you should not be surprised when long shots, miracles and other extraordinary events occur\&mdash;even when the same six winning lottery numbers come up in two successive drawings},
	titleaddon = {Scientific American},
	author = {Hand, David J.},
	urldate = {2019-07-08},
	langid = {english},
	doi = {10.1038/scientificamerican0214-72},
	file = {Snapshot:/Users/shisha/Zotero/storage/AGEIHZNV/math-explains-likely-long-shots-miracles-and-winning-the-lottery.html:text/html}
}

@online{noauthor_lotto_nodate,
	title = {Lotto am Mittwoch spielen - Häufigkeit in Deutschland 2018 {\textbar} Statistik},
	url = {https://de.statista.com/statistik/daten/studie/172226/umfrage/haeufigkeit-lotto-am-mittwoch-spielen/},
	abstract = {Diese Statistik zeigt das Ergebnis einer Umfrage in Deutschland zur Häufigkeit des Spielens von Lotto am Mittwoch in den Jahren 2015 bis 2018. Im Jahr 2018 gab es in der deutschsprachigen Bevölkerung ab 14 Jahre rund 5,62 Millionen Personen, die wöchentlich Lotto am Mittwoch spielten. {\textless}br/{\textgreater} Die {\textless}a href="/themen/2472/vuma/" target="\_blank"{\textgreater}{VuMA} Touchpoints{\textless}/a{\textgreater} (Verbrauchs- und Medienanalyse) liefert Informationen zu dem Mediennutzungsverhalten, sowie zum Konsumverhalten der deutschsprachigen Bevölkerung ab 14 Jahren.},
	titleaddon = {Statista},
	urldate = {2019-07-08},
	langid = {german},
	file = {Snapshot:/Users/shisha/Zotero/storage/LRV9LYMB/haeufigkeit-lotto-am-mittwoch-spielen.html:text/html}
}

@online{noauthor_lotto_nodate-1,
	title = {Lotto am Samstag spielen - Häufigkeit in Deutschland 2018 {\textbar} Statistik},
	url = {https://de.statista.com/statistik/daten/studie/172225/umfrage/haeufigkeit-lotto-am-samstag-spielen/},
	abstract = {Diese Statistik zeigt das Ergebnis einer Umfrage in Deutschland zur Häufigkeit des Spielens von Lotto am Samstag in den Jahren 2015 bis 2018. Im Jahr 2018 gab es in der deutschsprachigen Bevölkerung ab 14 Jahre rund 9,25 Millionen Personen, die wöchentlich Lotto am Samstag spielten.},
	titleaddon = {Statista},
	urldate = {2019-07-08},
	langid = {german},
	file = {Snapshot:/Users/shisha/Zotero/storage/22M98E3G/haeufigkeit-lotto-am-samstag-spielen.html:text/html}
}

@online{noauthor_lotto_nodate-2,
	title = {{LOTTO} 6aus49: Zeitreise durch die {LOTTO}-Historie {\textbar} {LOTTO}.de},
	url = {https://www.lotto.de/lotto-6aus49/ueber/historie},
	shorttitle = {{LOTTO} 6aus49},
	abstract = {Eine Reise durch die Geschichte des Zahlenlottos - von der ersten Ziehung der Lottozahlen bis zum Livestream im Internet},
	urldate = {2019-07-08},
	langid = {german},
	file = {Snapshot:/Users/shisha/Zotero/storage/DLMDIX7X/historie.html:text/html}
}

@book{schredelseker_alltagsentscheidungen_2017,
	location = {Wiesbaden},
	title = {Alltagsentscheidungen},
	isbn = {978-3-658-12400-7 978-3-658-12401-4},
	url = {http://link.springer.com/10.1007/978-3-658-12401-4},
	publisher = {Springer Fachmedien Wiesbaden},
	author = {Schredelseker, Klaus},
	urldate = {2019-07-08},
	date = {2017},
	langid = {german},
	doi = {10.1007/978-3-658-12401-4},
	file = {Schredelseker - 2017 - Alltagsentscheidungen.pdf:/Users/shisha/Zotero/storage/Q7EZ5PL5/Schredelseker - 2017 - Alltagsentscheidungen.pdf:application/pdf}
}

@online{noauthor_lotto-spielen:_nodate,
	title = {Lotto-Spielen: Teilnahme in den letzten 12 Monaten nach Alter bis 2017 {\textbar} Umfrage},
	url = {https://de.statista.com/statistik/daten/studie/163983/umfrage/teilnahme-an-lotto-in-den-letzten-12-monaten-nach-alter/},
	shorttitle = {Lotto-Spielen},
	abstract = {Die Statistik zeigt Umfrageergebnisse aus den Jahren von 2007 bis 2017 zur Teilnahme der deutschen Bevölkerung an Lotto in den letzten 12 Monaten nach Alter. Die Studie der Bundeszentrale für gesundheitliche Aufklärung {BZgA} über das Glücksspielverhalten der Deutschen wird alle zwei Jahre erhoben. Bei der Befragung im Jahr 2017 gab ein Prozent der 16- bis 17-Jährigen an, in den letzten 12 Monaten Lotto "6 aus 49" gespielt zu haben.},
	titleaddon = {Statista},
	urldate = {2019-07-08},
	langid = {german},
	file = {Snapshot:/Users/shisha/Zotero/storage/XVZWEJHS/teilnahme-an-lotto-in-den-letzten-12-monaten-nach-alter.html:text/html}
}

@book{hodge_50_2014,
	location = {Berlin, Heidelberg},
	title = {50 Schlüsselideen Kunst},
	isbn = {978-3-642-39327-3 978-3-642-39328-0},
	url = {http://link.springer.com/10.1007/978-3-642-39328-0},
	publisher = {Springer Berlin Heidelberg},
	author = {Hodge, Susie},
	urldate = {2019-07-08},
	date = {2014},
	langid = {german},
	doi = {10.1007/978-3-642-39328-0},
	file = {Hodge - 2014 - 50 Schlüsselideen Kunst.pdf:/Users/shisha/Zotero/storage/GCLLIUJC/Hodge - 2014 - 50 Schlüsselideen Kunst.pdf:application/pdf}
}

@online{vuma_lotto_nodate,
	title = {Lotto - Beliebteste Lotteriespiele in Deutschland 2018 {\textbar} Statistik},
	url = {https://de.statista.com/statistik/daten/studie/171614/umfrage/lotteriespiele-die-zumindest-gelegentlich-gespielt-werden/},
	abstract = {Diese Statistik zeigt das Ergebnis einer Umfrage in Deutschland zu den beliebtesten Lotteriespielen in den Jahren 2015 bis 2018. Im Jahr 2018 spielten rund 26 Prozent der deutschsprachigen Bevölkerung ab 14 Jahre mindestens einmal im halben Jahr Lotto am Samstag. {\textless}br/{\textgreater} Die {\textless}a href="/themen/2472/vuma/" target="\_blank"{\textgreater}{VuMA} Touchpoints{\textless}/a{\textgreater} (Verbrauchs- und Medienanalyse) liefert Informationen zu dem Mediennutzungsverhalten, sowie zum Konsumverhalten der deutschsprachigen Bevölkerung ab 14 Jahren.},
	titleaddon = {Statista},
	author = {{VuMA}},
	urldate = {2019-07-08},
	langid = {german},
	file = {Snapshot:/Users/shisha/Zotero/storage/8GL7YPI6/lotteriespiele-die-zumindest-gelegentlich-gespielt-werden.html:text/html}
}

@book{knebl_algorithmen_2019,
	title = {Algorithmen und Datenstrukturen Grundlagen und probabilistische Methoden für den Entwurf und die Analyse},
	isbn = {978-3-658-26511-3},
	author = {Knebl, Helmut and {Springer Fachmedien Wiesbaden GmbH}},
	date = {2019},
	langid = {german},
	note = {{OCLC}: 1098316960},
	file = {Knebl und Springer Fachmedien Wiesbaden GmbH - 2019 - Algorithmen und Datenstrukturen Grundlagen und pro.pdf:/Users/shisha/Zotero/storage/E25J9EN4/Knebl und Springer Fachmedien Wiesbaden GmbH - 2019 - Algorithmen und Datenstrukturen Grundlagen und pro.pdf:application/pdf}
}

@book{jonak_essays_2018,
	location = {Wiesbaden},
	title = {Essays zur Architektur},
	isbn = {978-3-658-19128-3 978-3-658-19129-0},
	url = {http://link.springer.com/10.1007/978-3-658-19129-0},
	publisher = {Springer Fachmedien Wiesbaden},
	author = {Jonak, Ulf},
	urldate = {2019-07-08},
	date = {2018},
	langid = {german},
	doi = {10.1007/978-3-658-19129-0},
	file = {Jonak - 2018 - Essays zur Architektur.pdf:/Users/shisha/Zotero/storage/MHGLBGF3/Jonak - 2018 - Essays zur Architektur.pdf:application/pdf}
}

@book{ute_sproesser_et_al._daten_2014,
	location = {Wiesbaden},
	title = {Daten, Zufall und der Rest der Welt: didaktische Perspektiven zur anwendungsbezogenen Mathematik},
	isbn = {978-3-658-04668-2},
	series = {Research},
	shorttitle = {Daten, Zufall und der Rest der Welt},
	pagetotal = {325},
	publisher = {Springer Spektrum},
	author = {{Ute Sproesser et al.}},
	editor = {Wessolowski, Silvia and Wörn, Claudia},
	date = {2014},
	langid = {german},
	note = {{OCLC}: 870165159},
	file = {Sproesser et al. - 2014 - Daten, Zufall und der Rest der Welt didaktische P.pdf:/Users/shisha/Zotero/storage/5KV88TER/Sproesser et al. - 2014 - Daten, Zufall und der Rest der Welt didaktische P.pdf:application/pdf}
}

@book{oerter_mensch_2014,
	location = {Wiesbaden},
	title = {Der Mensch, das wundersame Wesen: was Evolution, Kultur und Ontogenese aus uns machen},
	isbn = {978-3-658-03321-7 978-3-658-03322-4},
	shorttitle = {Der Mensch, das wundersame Wesen},
	pagetotal = {442},
	publisher = {Springer Spektrum},
	author = {Oerter, Rolf},
	date = {2014},
	langid = {german},
	note = {{OCLC}: 887522626},
	file = {Oerter - 2014 - Der Mensch, das wundersame Wesen was Evolution, K.pdf:/Users/shisha/Zotero/storage/LQB8GWW9/Oerter - 2014 - Der Mensch, das wundersame Wesen was Evolution, K.pdf:application/pdf}
}

@online{noauthor_gewinnzahlen_nodate-1,
	title = {Gewinnzahlen, Teilnahmebedingungen und Infos rund um {WestLotto} - {WestLotto}.de},
	url = {https://www.westlotto.com/service/downloads/downloads.html#akkordeon_entry_gewinnzahlendownload},
	urldate = {2019-07-08},
	file = {Gewinnzahlen, Teilnahmebedingungen und Infos rund um WestLotto - WestLotto.de:/Users/shisha/Zotero/storage/FTVGMNYR/downloads.html:text/html}
}

@online{noauthor_lotto_nodate-3,
	title = {Lotto 6 aus 49 - Lottozahlen Archiv - Jahr 2018 - Lotto am Mittwoch},
	url = {https://www.lottozahlenonline.de/statistik/lotto-am-mittwoch/lottozahlen-archiv.php?j=2018},
	urldate = {2019-07-08},
	file = {Lotto 6 aus 49 - Lottozahlen Archiv - Jahr 2018 - Lotto am Mittwoch:/Users/shisha/Zotero/storage/KMYEM3ZE/lottozahlen-archiv.html:text/html}
}

@online{noauthor_lotto_nodate-4,
	title = {Lotto 6 aus 49 - Lottozahlen Archiv - Jahr 2019 - Lotto am Mittwoch},
	url = {https://www.lottozahlenonline.de/statistik/lotto-am-mittwoch/lottozahlen-archiv.php},
	urldate = {2019-07-08},
	file = {Lotto 6 aus 49 - Lottozahlen Archiv - Jahr 2019 - Lotto am Mittwoch:/Users/shisha/Zotero/storage/Y7TF3NLJ/lottozahlen-archiv.html:text/html}
}

@online{zitate.net_zufallzitate_2019,
	title = {Zufallzitate {\textbar} Top 20 Zitate und Sprüche über Zufälle ... Zitate.net},
	url = {http://zitate.net/zufall-zitate},
	author = {zitate.net},
	urldate = {2019-07-14},
	date = {2019},
	file = {Zufallzitate | Top 20 Zitate und Sprüche über Zufälle ... Zitate.net:/Users/shisha/Zotero/storage/AR3APWIF/zufall-zitate.html:text/html}
}

@online{zitate.net_joseph_2019,
	title = {Joseph Joubert Zitate und Sprüche ... Zitate.net},
	url = {http://zitate.net/joseph-joubert-zitate?p=2},
	author = {zitate.net},
	urldate = {2019-07-14},
	date = {2019},
	file = {Joseph Joubert Zitate und Sprüche ... Zitate.net:/Users/shisha/Zotero/storage/V6RPJV29/joseph-joubert-zitate.html:text/html}
}

@online{vuma_konsumenten_2017,
	title = {Konsumenten punktgenau erreichen},
	url = {https://www.vuma.de/fileadmin/user_upload/PDF/berichtsbaende/VuMA_2016_Berichtsband.pdf},
	abstract = {Mit der Markt-Media-Studie {VuMA} Touchpoints erreichen Sie sicher Ihre Konsumzielgruppen.},
	author = {Vuma},
	urldate = {2019-07-14},
	date = {2017-11-16},
	langid = {german},
	file = {Snapshot:/Users/shisha/Zotero/storage/HUNYZM5R/suche.html:text/html}
}